<?xml version="1.0" encoding="UTF-8"?>
<collection xmlns:xsi="http://www.w3.org/2001/XMLSchema-instance" xsi:schemaLocation="http://www.loc.gov/MARC21/slim http://www.loc.gov/standards/marcxml/schema/MARC21slim.xsd" xmlns="http://www.loc.gov/MARC21/slim">
<record>
  <leader>00828cam a22002051i 4500</leader>
  <controlfield tag="001">867153</controlfield>
  <controlfield tag="003">NNC</controlfield>
  <controlfield tag="005">20151221161939.0</controlfield>
  <controlfield tag="008">891012s1910    ua            000 0 ara d</controlfield>
  <datafield tag="035" ind1=" " ind2=" ">
    <subfield code="a">(OCoLC)ocm20479638</subfield>
  </datafield>
  <datafield tag="035" ind1=" " ind2=" ">
    <subfield code="9">AES0635CU</subfield>
  </datafield>
  <datafield tag="035" ind1=" " ind2=" ">
    <subfield code="a">(NNC)867153</subfield>
  </datafield>
  <datafield tag="040" ind1=" " ind2=" ">
    <subfield code="a">ZCU</subfield>
    <subfield code="c">ZCU</subfield>
  </datafield>
  <datafield tag="090" ind1=" " ind2=" ">
    <subfield code="a">B753.G33</subfield>
    <subfield code="b">K3</subfield>
  </datafield>
  <datafield tag="100" ind1="0" ind2=" ">
    <subfield code="a">Ghazzālī,</subfield>
    <subfield code="d">1058-1111.</subfield>
  </datafield>
  <datafield tag="245" ind1="0" ind2="3">
    <subfield code="a">al-Risālah al-ladunīyah /</subfield>
    <subfield code="c">li Abī Ḥāmid Muḥammad ibn Muḥammad al-Ghazzālī. Wa-yalīhi Risālah fī kunh mā lā budda lil-murīd minhu / li-Muḥyī al-Dīn ibn al-ʻArabī.</subfield>
  </datafield>
  <datafield tag="260" ind1=" " ind2=" ">
    <subfield code="a">Miṣr :</subfield>
    <subfield code="b">Maṭbaʻat Kurdistān al-ʻIlmīyah,</subfield>
    <subfield code="c">1328 [1910].</subfield>
  </datafield>
  <datafield tag="300" ind1=" " ind2=" ">
    <subfield code="a">64 p. ;</subfield>
    <subfield code="c">20 cm.</subfield>
  </datafield>
  <datafield tag="500" ind1=" " ind2=" ">
    <subfield code="a">No. [3] of a volume of pamphlets with main entry: al-Ghazzālī. Khulāṣat al-taṣn̄īf fī al-taṣawwuf. Misr [1909]</subfield>
  </datafield>
  <datafield tag="955" ind1=" " ind2=" ">
    <subfield code="b">0051711001</subfield>
    <subfield code="d">glx</subfield>
    <subfield code="e">B753.G33 K3</subfield>
  </datafield>
</record>
</collection>